% References for traffic_control_signals.tex

% Copyright Â© 2025 by John Sauter.
% Licensed under the Creative Commons Attribution-ShareAlike 4.0 International
% license.  See https://creativecommons.org/license/by-sa/4.0/.

% Bibtex
@BOOK{MUTCD11,
   title = "Manual on Uniform Traffic Control Devices for Streets and Highways (MUTCD)",
   publisher = "Federal Highway Administration",
   institution = "U. S. Department of Transportation",
   edition = "11th",
   month = "December",
   year = "2023",
   URL = "https://mutcd.fhwa.dot.gov/kno_11th_Edition.htm"
}


   